%%%% REFERÊNCIAS
%%
%% Conjunto padronizado de elementos descritivos retirados de um documento, que permite sua identificação individual.
%%
%% Cada entrada no arquivo BibTeX segue um formato padrão. Este formato muda ligeiramente baseado no tipo de entrada, mas a sintaxe
%% continua a mesma.
%%
%% O rótulo de cada entrada não pode conter caracteres especiais, acentuados ou cedilha.
%%
%% A formatação do texto no campo "AUTHOR" deve obedecer algumas regras:
%%   - Acento agudo:        "á = {\'a}".
%%   - Acento crase:        "à = {\`a}".
%%   - Acento til:          "ã = {\~a}".
%%   - Acento circunflexo:  "ê = {\^e}".
%%   - Acento trema:        "ü = {\"u}".
%%   - Acento na letra i:   "í = {\'\i}".
%%   - Cedilha:             "ç = {\c{c}}".
%%   - Sobrenome composto:  "Santos, Filho, Jos{\'e} C. S.; da Silva, Erivanildo Lopes".
%%   - Nome de organização: "{\mbox IONA Technologies PLC}".
%%
%% A formatação do texto no campo "TITLE" deve obedecer algumas regras (também válidas para o texto no campo "AUTHOR"):
%%   - MAIÚSCULAS: "REAL = {REAL}".
%%   - Minúsculas: "real = {real}".
%%   - CamelCase:  "Real = {R}eal".

%% TIPOS DE ENTRADA
%%
%% Ao inserir uma referência no banco de dados, a primeira coisa a decidir é o tipo de entrada. Existem vários tipos de entrada, mas
%% não são completas, porém são suficientes para o BibTeX fornecer entradas para lidar com praticamente qualquer tipo de referência
%% razoavelmente bem.

%% ARTICLE - Um artigo de um jornal ou revista.
%%   - Campos requeridos: AUTHOR, TITLE, JOURNAL e YEAR.
%%   - Campos opcionais: VOLUME, NUMBER, PAGES, MONTH e NOTE.

CÂNDIDO, A. A literatura e a formação do homem. In: Textos de intervenção. São
Paulo: Duas Cidades, 2002. p. 67. (Coleção espírito crítico). (Modelo de referência:
capítulo de livro).


% VON KROGH, G.; ICHIJO, K.; NONAKA, I. Facilitando a criação de
conhecimento: reinventando a empresa com o poder da inovação contínua. Rio de
Janeiro: Campus, 2001. (Modelo de referência: livro com subtítulo).

@article{Sanches2010,
    author = {Cida Sanches and José Osvaldo Sordi and Orlando Roque da Silva and Márcio Marietto},
    title = {Utilização da Lógica Paraconsistente em Processos de Avaliação e Seleção: Análise de um Caso Prático},
    journal = {Revista Pensamento Contemporâneo de tomada de decisão: um caso prático} ,
    month = {08},
    year = {2010}
}

@ARTICLE{Sanches2010, 
    author = { Cida Sanches and Manuel Meireles and Marcio Luiz Marietto and Orlando Roque da Silva and José Osvaldo De Sordi}, 
    title = { UTILIZAÇÃO DA LÓGICA PARACONSISTENTE EM PROCESSOS DE TOMADA DE DECISÃO: UM CASO PRÁTICO },
    year = { 2010 }, 
    journal = { Revista Pensamento Contemporâneo em Administração },
    keywords = { Lógica  paraconsistente;  Tomada de  decisão;  Processos de  avaliação;  Seleção.; Paraconsistent logic;  Decision  making;   Evaluation  process;   Selection. },
    issn = {  },
    language = {Español},
    url = {https://www.redalyc.org/articulo.oa?id=441742840007 },
    abstract = { pt: A  pesquisa  abordou  o  processo  de  tomada  de  decisão  de  gestores  uti lizando - se  de  algoritmo  para - analisador  baseado  em  lógicas  não - clássicas:  a  lógica  paraconsistente  anotada  (LPA).  O  método  é  apropriado   ao   tratamento   de   dados   incertos,   contraditórios   ou   paracompletos;   consiste   em  estabelecer  proposições  e  parametrizá - las  para  isolar  os  fatores  de  maior  influência  nas  decisões.  Especialistas  são  utilizados  para  obtenção  de  anotações  sobre  esses  fatores,  atribuindo - lhes  graus  de  crença e descrença. No caso analisado, utilizou - se da LPA como instrumento de apoio ao processo d e  avaliação  e  seleção  de  profissional  a  ser  promovido  a  gerente,  dentre  cinco  possíveis,  em  pequena  empresa familiar. Os três sócios - gerentes da empresa constituíram o grupo de especialistas, na medida  em   que   conhecem   o   valor   profissional   dos   cinco   funcion ários.   A   interpretação   das   avaliações  realizadas  pelos  especialistas  deu - se  por  intermédio  dos  baricentros  no  quadrado  unitário  do  plano  cartesiano (QUPC), que indicou os graus de inconsistência ou de indeterminação dos dados utilizados.  }
}	    	

@article{WEBER2017,
    title = {M2DDM – A Maturity Model for Data-Driven Manufacturing},
    journal = {Procedia CIRP},
    volume = {63},
    pages = {173-178},
    year = {2017},
    note = {Manufacturing Systems 4.0 – Proceedings of the 50th CIRP Conference on Manufacturing Systems},
    issn = {2212-8271},
    doi = {https://doi.org/10.1016/j.procir.2017.03.309},
    url = {https://www.sciencedirect.com/science/article/pii/S2212827117304973},
    author = {Christian Weber and Jan Königsberger and Laura Kassner and Bernhard Mitschang},
    keywords = {Maturity Model, Industrie 4.0, Industrial Internet, Reference Architectures, Digital Twin, Edge Analytics},
    abstract = {To stay competitive in a global market, companies strive to adjust their IT architectures to the characteristics of Industrie 4.0. This means the adaptation of a data-driven manufacturing model, which includes the horizontal and vertical integration of the value chain and the management of data across the whole product life cycle. Currently companies face two major problems in this transformation of their IT architectures: 1) There are multiple reference architectures for Industrie 4.0, whose suitability has not been evaluated in a straightforward way. 2) There are no maturity models to objectively assess data-driven IT architectures. In this work we address these problems by providing an overview of Industrie 4.0 features in multiple reference architectures and developing a maturity model for IT architectures for data-driven manufacturing. We first give an overview of the current maturity models with aspects of data-driven manufacturing. Based on this overview we survey three reference architectures for Industrie 4.0: the Industrial Internet Reference Architecture, the Reference Architecture Model Industrie 4.0, and the Stuttgart IT Architecture for Manufacturing. We analyze and assess each approach and define maturity levels for data-driven manufacturing to guide companies in the adaption process of Industrie 4.0, as well as criteria for meeting these levels.}
}

@article{MouraKohl_2020, 
    title={Maturity Assessment in Industry 4.0 – A Comparative Analysis of Brazilian and German Companies}, 
    volume={4}, 
    url={https://www.ijournalse.org/index.php/ESJ/article/view/385}, 
    DOI={10.28991/esj-2020-01237}, 
    abstractNote={The article presents a comparative analysis of maturity level in Industry 4.0, of Brazilian companies with German Industry, seeking to identify learning opportunities to increase competitiveness. It was used the maturity model in Industry 4.0 developed by VDMA (German Mechanical Engineering Industry Association), applied to German companies, serving as benchmark. The same model was applied to Brazilian companies, from the State of Espí­rito Santo, located in the most developed region of the country, but with lower industrial density, and which has great challenges to increase its participation in the national and international markets. A field research was carried out with 46 industries, which participated in workshops to understand the fundamentals and to evaluate the maturity level in Industry 4.0. The individual results were processed by the platform of VDMA, indicating the levels in six dimensions of the model and the general result on a scale of 0 to 5. The results of all companies were tabulated, allowing the comparison with the research carried out with German companies. The study showed that, on average, Brazilian companies have the same level of maturity of German companies in readiness for Industry 4.0, with grade 0.9 in a scale of 0 to 5. But, there are significant differences in compared dimensions. 5.6% of German companies are at the advanced level in Industry 4.0, especially the technology developers, while Brazilian companies studied are still at the most basic levels. Both Industries are skeptical about investments in Industry 4.0 and the level of evaluation on Strategy dimension is still low. The comparison of expectations and difficulties allowed identify essential points to support these companies to follow the way to Industry 4.0.}, 
    number={5}, 
    journal={Emerging Science Journal}, 
    author={Moura, Luciano Raizer and Kohl, Holger}, 
    year={2020}, 
    month={Oct.}, 
    pages={365–375} 
}

@article{LATINO2025,
    title = {A maturity model for assessing the implementation of Industry 5.0 in manufacturing SMEs: learning from theory and practice},
    journal = {Technological Forecasting and Social Change},
    volume = {214},
    pages = {124045},
    year = {2025},
    issn = {0040-1625},
    doi = {https://doi.org/10.1016/j.techfore.2025.124045},
    url = {https://www.sciencedirect.com/science/article/pii/S0040162525000769},
    author = {Maria Elena Latino},
    keywords = {Technological readiness, Digital transformation, Maturity score, Maturity dimension, Maturity item},
    abstract = {Digitalization is facing the transition from Industry 4.0 to Industry 5.0, enlarging the technocentric vision of technologies to embrace sustainable, resilience and human-centered design objectives. Although aware of the benefits of digitalization, many companies have not yet undertaken this process or are only at the beginning stages, seeking support and expertise. Firstly, it is important to understand the company's current technological level and, therefore, establish an improvement strategy. Over time, several authors have made efforts to develop maturity models capable of assessing a company's Industry 4.0 technological level. However, given the recent shift toward Industry 5.0, it is necessary to understand how such tools can effectively address the three pillars of Industry 5.0 when evaluating digital maturity. This study contributes to the literature on Industry 5.0 by proposing a tool to assess the maturity of companies in Industry 5.0 practices, focusing on sustainability, resilience and human centricity in manufacturing processes. This Industry 5.0 Maturity Model consists of a self-assessment questionnaire, designed to assess the current maturity level of the company across seven maturity dimensions (double assessment Industry 5.0 integrated and pillar-based), and a roadmap that outlines improvement strategies and operational information to enhance the company’ maturity across these dimensions. The proposed maturity model is applied in a multiple case study to collect empirical evidence from four Italian SMEs operating in the manufacturing industry. The results show a good Industry 5.0 maturity, with differences across the various dimensions influenced by the characteristics of the analyzed sectors and products. The low level of embedded technologies leaves room for future improvements in products and services, aligned with sustainability, resilience and human-centric perspectives. Theoretical and practical implications of the study are also discussed.}
}

@article{ANGREANI2020,
    title = {Systematic Literature Review of Industry 4.0 Maturity Model for Manufacturing and Logistics Sectors},
    journal = {Procedia Manufacturing},
    volume = {52},
    pages = {337-343},
    year = {2020},
    note = {System-Integrated Intelligence – Intelligent, Flexible and Connected Systems in Products and ProductionProceedings of the 5th International Conference on System-Integrated Intelligence (SysInt 2020), Bremen, Germany},
    issn = {2351-9789},
    doi = {https://doi.org/10.1016/j.promfg.2020.11.056},
    url = {https://www.sciencedirect.com/science/article/pii/S2351978920322010},
    author = {Linda Salma Angreani and Annas Vijaya and Hendro Wicaksono},
    keywords = {Industry 4.0 Maturity Model, Systematic Literature Review, Industry 4.0 Readiness, Production, Logistics},
    abstract = {A maturity model is a wide technique to measure several aspects and identify the current state of processes in an organization, which can be used as a starting point for business improvement. In the Industry 4.0 context, several terms are used to express the model, such as readiness assessment model, roadmap, framework, and maturity index. They have the same purpose of measuring how the current state of an organization unit is capable of adopting and implementing the concept of industry 4.0 in the future. Many researchers had proposed maturity models for assessing Industry 4.0 readiness and maturity since 2011 when Industry 4.0 was commenced. However, there has been no attempt to analyze empirical evidence systematically. This paper aims to analyze currently available maturity models related to Industry 4.0 and provide a synthesis on those maturity models. This paper describes a systematic literature review (SLR) of empirical studies implemented on the maturity model published in several reputable and relevant sources. It focuses on the manufacturing and logistics sectors since the processes in both sectors can be highly improved through the introduction of technologies such as cyber-physical systems, internet of things, and artificial intelligence. In general, the primary purpose of the review is to address the following questions: (1) Based on what dimensions do researchers develop Industry 4.0 maturity models, and what are the most used and influencing parameters in those dimensions? (2) How do those maturity models compare to each other in terms of dimension complexity, techniques, maturity leveling, and kind of application sectors of the model? In conclusion, the maturity model in the context of Industry 4.0 is promising to guide the adoption of industry 4.0 technologies at the organization level. However, just having a maturity model is not enough. More efforts are needed to facilitate the application of it.}
}

@article{YANG2024,
    title = {Human–machine interaction towards Industry 5.0: Human-centric smart manufacturing},
    journal = {Digital Engineering},
    volume = {2},
    pages = {100013},
    year = {2024},
    issn = {2950-550X},
    doi = {https://doi.org/10.1016/j.dte.2024.100013},
    url = {https://www.sciencedirect.com/science/article/pii/S2950550X2400013X},
    author = {Jialu Yang and Ying Liu and Phillip L. Morgan},
    keywords = {Human–machine interaction, Industry 4.0, Industry 5.0, Sensor, IoT, IIoT, Human-centric smart manufacturing, Manufacturing informatics, Data analytics},
    abstract = {Since the concept of Industry 5.0 was proposed, the emphasis on human–machine​ interaction (HMI) in industrial scenarios has continued to increase. HMI is part of the factory’s development towards Industry 5.0, mainly because HMI can help realise the human-centric vision. At the same time, to achieve the sustainable and resilient goals proposed by Industry 5.0, green, smart, and more advanced technologies are also considered important driving factors for factories to achieve Industry 5.0. Human-centric smart manufacturing (HCSM) factories that integrate HMI with advanced technologies are expected to become the paradigm of future manufacturing. Therefore, it is necessary to discuss technologies and research directions that may promote the implementation of HCSM in the future. In a smart factory, HMI signals will go through the process of being collected by sensors, processed, transmitted to the data analysis centre and output to complete the interaction. Based on this process, we divide HMI into four parts: sensor and hardware, data processing, transmission mechanism, and interaction and collaboration. Through a systematic literature review process, this article evaluates and summarises the current research and technologies in the HMI field and categorises them into four parts of the HMI process. Since the current usage scenarios of some technologies are relatively limited, the introduction focuses on the possible applications and problems they face. Finally, the opportunities and challenges of HMI for Industry 5.0 and HCSM are revealed and discussed.}
}

@inproceedings{silva2024,
    title   = {Indústria 5.0: revisão da literatura e identificação dos pilares do tema},
    author = {Silva, Jocieli Francisco da and Magalhães, Guilherme Henrique de and Spínola, Mauro and Gonçalves, Rodrigo Franco and Simões, Priscila Bayer de Oliveira},
    year = {2024},
    doi = {10.14488/enegep2024_tn_st_418_2056_47572},
    publisher = {ABEPRO},
    booktitle   = {Encontro Nacional de Engenharia de Produção - ENEGEP}
}

@article{Santana_2023, 
    title={O futuro da força de trabalho na Indústria 5.0: uma perspectiva dos trabalhadores}, 
    volume={21}, 
    url={https://ojs.observatoriolatinoamericano.com/ojs/index.php/olel/article/view/1043}, 
    DOI={10.55905/oelv21n8-128}, 
    abstractNote={&amp;lt;p&amp;gt;O objetivo deste artigo foi examinar como os trabalhadores percebem a Indústria 5.0, com foco específico nas apreensões e ansiedades que surgem em resposta às transformações tecnológicas. Este estudo qualitativo fundamenta-se na análise de conteúdo temático de 40 participantes, onde foram identificadas categorias distintas. Essas categorias giram em torno de incertezas sobre o futuro do trabalho na Indústria 5.0, bem como os impactos sociais que essa revolução centrada na automação e na inteligência artificial acarreta. As descobertas ressaltam a importância de uma transição cautelosa para a Indústria 5.0, que exige a implementação de políticas que protejam os direitos trabalhistas, priorizem as habilidades humanas e promovam a inclusão social. É imperativo que governos, empresas e trabalhadores se engajem no diálogo para garantir uma transição justa e equitativa para o futuro do trabalho. Além disso, investimentos em capacitação profissional são indispensáveis ​​para dotar os trabalhadores da qualificação necessária para enfrentar os desafios desta nova era da indústria.&amp;lt;/p&amp;gt;}, 
    number={8}, 
    journal={OBSERVATÓRIO DE LA ECONOMÍA LATINOAMERICANA},
    author={de Santana, Isis Terezinha Santos}, 
    year={2023}, 
    month={ago.}, 
    pages={10212–10233}
}

@article{TOTH2023,
    title = {The human-centric Industry 5.0 collaboration architecture},
    journal = {MethodsX},
    volume = {11},
    pages = {102260},
    year = {2023},
    issn = {2215-0161},
    doi = {https://doi.org/10.1016/j.mex.2023.102260},
    url = {https://www.sciencedirect.com/science/article/pii/S2215016123002571},
    author = {Attila Tóth and László Nagy and Roderick Kennedy and Belej Bohuš and János Abonyi and Tamás Ruppert},
    keywords = {Collaboration, Industry 5.0, Artificial intelligence, Manufacturing, Industry 4.0, Human-centric, Ontology, Knowledge graph},
    abstract = {While the primary focus of Industry 4.0 revolves around extensive digitalization, Industry 5.0, on the other hand, seeks to integrate innovative technologies with human actors, signifying an approach that is more value-driven than technology-centric. The key objectives of the Industry 5.0 paradigm, which were not central to Industry 4.0, underscore that production should not only be digitalized but also resilient, sustainable, and human-centric. This paper is focusing on the human-centric pillar of Industry 5.0. The proposed methodology addresses the need for a human-AI collaborative process design and innovation approach to support the development and deployment of advanced AI-driven co-creation and collaboration tools. The method aims to solve the problem of integrating various innovative agents (human, AI, IoT, robot) in a plant-level collaboration process through a generic semantic definition, utilizing a time event-driven process. It also encourages the development of AI techniques for human-in-the-loop optimization, incorporating cross-checking with alternative feedback loop models. Benefits of this methodology include the Industry 5.0 collaboration architecture (I5arc), which provides new adaptable, generic frameworks, concepts, and methodologies for modern knowledge creation and sharing to enhance plant collaboration processes. •The I5arc aims to investigate and establish a truly integrated human-AI collaboration model, equipped with methods and tools for human-AI driven co-creation.•Provide a framework for the co-execution of processes and activities, with humans remaining empowered and in control.•The framework primarily targets human-AI collaboration processes and activities in industrial plants, with potential applicability to other societal contexts.}
}

@article{Santos2025, 
    title={A estratégia competitiva de inovação na indústria 5.0: ideias, provocações e reflexões}, 
    volume={16}, 
    url={https://ojs.revistagesec.org.br/secretariado/article/view/4586}, 
    DOI={10.7769/gesec.v16i1.4586}, 
    number={1}, 
    journal={Revista de Gestão e Secretariado},
    author={Santos, Matheus Souza and Suela, Attawan Guerino Locatel and Góes, Antônio Oscar Santos and Costa, Márcio Antônio Leal and Reis, Suzana Santos dos and Jesus, Sabrina Silva de},
    year={2025},
    month={jan.},
    pages={e4586}
}

@article{Khan2023,
    title = {Changes and improvements in Industry 5.0: A strategic approach to overcome the challenges of Industry 4.0},
    journal = {Green Technologies and Sustainability},
    volume = {1},
    number = {2},
    pages = {100020},
    year = {2023},
    issn = {2949-7361},
    doi = {https://doi.org/10.1016/j.grets.2023.100020},
    url = {https://www.sciencedirect.com/science/article/pii/S2949736123000131},
    author = {Moin Khan and Abid Haleem and Mohd Javaid},
    keywords = {Cyber–Physical systems, Smart additive manufacturing, Predictive maintenance, Industrial Internet of Things (IIoT), Hyper Customisation, Cyber–Physical cognitive systems},
    abstract = {Industry 4.0 has introduced new technological advances such as Additive Manufacturing (AM), Artificial Intelligence (AI), Augmented Reality (AR), Cyber–physical systems (CPS), Blockchain, Cybersecurity and many more. It is also helping organisations to take on challenges like demand fluctuations and market volatility. Industry 4.0 is also the interconnection of computers, materials, and AI with minimal human intervention in decision-making. Although Industry 4.0 has tremendous potential for industrial growth, it has many challenges, such as technical integration, human resource issue, supply chain issues and data security. These challenges are expected to be addressed in the future by Industry 5.0 Industry 5.0 introduced various new technologies such as Predictive maintenance, Hyper customisation in the Industry, Cyber–Physical Cognitive systems, and the introduction of Collaborative Robots. Industry 5.0, with its human-centric approach, helped overcome the various challenges of Industry 4.0. In Industry 4.0, the focus was on sustainability and production volume, whereas in Industry 5.0, the primary focus is on human centricity. This paper’s literature review has been done by considering the findings and results discussed in various latest literature. We have listed various technological developments in Industry 5.0 and the advancements to the technologies of Industry 4.0. Industry 5.0 has tackled various issues faced in Industry 4.0, such as data privacy and technical integration issues. Resilience is also one of the critical aspects of Industry 5.0, which contributed towards hyper individualisation and helped make individualised products with specific user needs. This study would provide a base for the researchers and industries to get acquainted with Industry 4.0 technologies, their challenges, the technological advances, and the ways Industry 5.0 overcame the challenges of Industry 4.0. This paper also lists the recent application of these technologies, which would provide an idea of how these technologies can be implemented. Further, the limitations of these studies have been listed, providing an opportunity for future research in this domain. This paper provides a structured review of the technologies of Industry 4.0, the challenges they faced and how they can be removed through the technological advancements of Industry 5.0.}
}

@article{Rame2024,
    title = {Industry 5.0 and sustainability: An overview of emerging trends and challenges for a green future},
    journal = {Innovation and Green Development},
    volume = {3},
    number = {4},
    pages = {100173},
    year = {2024},
    issn = {2949-7531},
    doi = {https://doi.org/10.1016/j.igd.2024.100173},
    url = {https://www.sciencedirect.com/science/article/pii/S294975312400050X},
    author = {Rame Rame and Purwanto Purwanto and Sudarno Sudarno},
    keywords = {Industry 5.0, Sustainability, Technological integration, Economic growth, Environmental stewardship, Innovation practices},
    abstract = {In an era of climate change and increasing global environmental challenges, the importance of integrating sustainability principles into the latest industrial revolution, Industry 5.0, is becoming increasingly critical. This revolution marks a turning point from an industrial approach that focuses on efficiency and automation, to a paradigm that prioritizes collaboration between humans and machines, innovation, and harmonization with the environment. This research examines the dynamic intersection between Industry 5.0 and sustainability, emphasizing how this evolution aims to integrate human creativity and expertise with advanced technological capabilities. This report identifies emerging trends and challenges, with a focus on achieving a sustainable future through innovative practices that balance economic growth and environmental management. This article uses a literature review and multidisciplinary analysis to uncover the untapped potential of Industry 5.0 technologies in driving sustainability initiatives. It aims to enrich academic discourse with fresh insights into aligning these technologies with environmental and social goals, thereby offering practical implications for policy makers, industry leaders and sustainability practitioners.}
}

@Article{Nahavandi2019,
    AUTHOR = {Nahavandi, Saeid},
    TITLE = {Industry 5.0—A Human-Centric Solution},
    JOURNAL = {Sustainability},
    VOLUME = {11},
    YEAR = {2019},
    NUMBER = {16},
    ARTICLE-NUMBER = {4371},
    URL = {https://www.mdpi.com/2071-1050/11/16/4371},
    ISSN = {2071-1050},
    ABSTRACT = {Staying at the top is getting tougher and more challenging due to the fast-growing and changing digital technologies and AI-based solutions. The world of technology, mass customization, and advanced manufacturing is experiencing a rapid transformation. Robots are becoming even more important as they can now be coupled with the human mind by means of brain–machine interface and advances in artificial intelligence. A strong necessity to increase productivity while not removing human workers from the manufacturing industry is imposing punishing challenges on the global economy. To counter these challenges, this article introduces the concept of Industry 5.0, where robots are intertwined with the human brain and work as collaborator instead of competitor. This article also outlines a number of key features and concerns that every manufacturer may have about Industry 5.0. In addition, it presents several developments achieved by researchers for use in Industry 5.0 applications and environments. Finally, the impact of Industry 5.0 on the manufacturing industry and overall economy is discussed from an economic and productivity point of view, where it is argued that Industry 5.0 will create more jobs than it will take away.},
    DOI = {10.3390/su11164371}
}

@article{RANNERTSHAUSER2022,
    title = {Human-centricity in the design of production planning and control systems: A first approach towards Industry 5.0},
    journal = {IFAC-PapersOnLine},
    volume = {55},
    number = {10},
    pages = {2641-2646},
    year = {2022},
    note = {10th IFAC Conference on Manufacturing Modelling, Management and Control MIM 2022},
    issn = {2405-8963},
    doi = {https://doi.org/10.1016/j.ifacol.2022.10.108},
    url = {https://www.sciencedirect.com/science/article/pii/S2405896322021176},
    author = {Patrick Rannertshauser and Melanie Kessler and Julia C. Arlinghaus},
    keywords = {human-centric, user-centric, industry 5.0, evaluation, user experience, Cognitive Biases, PPC},
    abstract = {Planners are supported in the fulfilment of their tasks by so-called PPC systems. Among other things, planners are dissatisfied with the way PPC systems present information and results. As a result, there is a risk that the number of errors due to misinterpretations will increase. These are primarily caused by Cognitive Biases. Even increasing automation will not change this, since according to experts, humans will remain central, especially in decision-making. The European Union points out that Industry 4.0 focuses more on technical feasibility and implementation and less on human needs. In response, it proposes the human-centered approach of Industry 5.0. Here, the human being should move to the center of the process. In this regard, there is still little research activity in the field of PPC and in the context of Cognitive Biases. Therefore, we want to take a first step towards the human-centered approach with this work. To this end, we conduct a systematic literature review and develop a questionnaire to determine the human-centered maturity level. The results will then be compared with already researched Cognitive Biases.}
}

@article{PIZON2023,
    title = {Challenges of Human-Centered Manufacturing in the Aspect of Industry 5.0 Assumptions},
    journal = {IFAC-PapersOnLine},
    volume = {56},
    number = {2},
    pages = {156-161},
    year = {2023},
    note = {22nd IFAC World Congress},
    issn = {2405-8963},
    doi = {https://doi.org/10.1016/j.ifacol.2023.10.1562},
    url = {https://www.sciencedirect.com/science/article/pii/S2405896323019705},
    author = {Jakub Pizoń and Marcin Witczak and Arkadiusz Gola and Antoni Świć},
    keywords = {industrial revolutions, Industry 5.0, technology, cobots, cyberphysical system, manufacturing, automation},
    abstract = {The beginning of the 21st century resulted in the emergence and development of the concept known as the fourth industrial revolution. At present, due to the initiatives for sustainable development and the need for breakthrough innovations, more and more attention is being paid to the "human factor". This became the basis for the creation of the so-called Industry 5.0. Although the idea of Industry 5.0 is more and more widely described in the literature it lacks a synthetic statement of assumptions and challenges that are associated with this concept. Therefore, the aim of this article is to indicate the challenges in the development of the assumptions of the Industry 5.0 concept. In order to achieve the above goal, a literature review was carried out in a way that allowed to identify of current directions and challenges related to the development of Industry 5.0. On this basis, the most probable directions of future research in this area have been indicated.}
}

@article{VALETTE2023,
    title = {Industry 5.0 and its technologies: A systematic literature review upon the human place into IoT- and CPS-based industrial systems},
    journal = {Computers \& Industrial Engineering},
    volume = {184},
    pages = {109426},
    year = {2023},
    issn = {0360-8352},
    doi = {https://doi.org/10.1016/j.cie.2023.109426},
    url = {https://www.sciencedirect.com/science/article/pii/S0360835223004503},
    author = {Etienne Valette and Hind {Bril El-Haouzi} and Guillaume Demesure},
    keywords = {Industry 4.0, Industry 5.0, Human-Systems Integration (HSI), Systematic Literature Review (SLR), Internet of Things (IoT), Cyber–Physical Systems (CPS)},
    abstract = {Industry 4.0 has fueled research for almost a decade now. Beyond production efficiency, it has raised sustainability issues and societal challenges. However, these have mainly been driven by technological developments until now, putting aside the human and societal aspects. Faced with the emergence of paradigms such as Industry 5.0, it becomes clear that societal considerations are back on the technological and scientific stages. This paper is interested in the place that have been given to the human in last year’s industrial research. More specifically, the focus have been set on the human aspect into Industry 4.0’s main pillars: Cyber–Physical Systems and Internet of Things. Therefore, this work proposes a Systematic Literature Review on the subject. To apprehend the progress of research towards industrial systems as complex socio-technical ones, the retrieved literature has been analyzed through two frameworks: the enabling technologies for Industry 5.0 and the grounding concepts of systemics.}
}

@book{Trist1981,
    title={The Evolution of Socio-Technical Systems: A Conceptual Framework and an Action Research Program},
    author={Eric L. Trist},
    year={1981},
    url={https://archive.org/details/39120320010110/page/2/mode/2up},
    publisher={Toronto : Ontario Quality of Working Life Centre},
    isbn={0774362863}
}

@article{Xu2021,
    title = {Industry 4.0 and Industry 5.0—Inception, conception and perception},
    journal = {Journal of Manufacturing Systems},
    volume = {61},
    pages = {530-535},
    year = {2021},
    issn = {0278-6125},
    doi = {https://doi.org/10.1016/j.jmsy.2021.10.006},
    url = {https://www.sciencedirect.com/science/article/pii/S0278612521002119},
    author = {Xun Xu and Yuqian Lu and Birgit Vogel-Heuser and Lihui Wang},
    keywords = {Industrial Revolution, Industry 4.0, Industry 5.0, Technology-driven, Value-driven},
    abstract = {Industry 4.0, an initiative from Germany, has become a globally adopted term in the past decade. Many countries have introduced similar strategic initiatives, and a considerable research effort has been spent on developing and implementing some of the Industry 4.0 technologies. At the ten-year mark of the introduction of Industry 4.0, the European Commission announced Industry 5.0. Industry 4.0 is considered to be technology-driven, whereas Industry 5.0 is value-driven. The co-existence of two Industrial Revolutions invites questions and hence demands discussions and clarifications. We have elected to use five of these questions to structure our arguments and tried to be unbiased for the selection of the sources of information and for the discussions around the key issues. It is our intention that this article will spark and encourage continued debate and discussion around these topics.}
}

@article{Sousa2024,
    author = {Josiano Cesar de Sousa},
    title = {Indústria 5.0: desafios gerenciais do novo cenário de trabalho de trabalho colaborativo humano-robô},
    journal = {Revista de administração,sociedade e inovação},
    volume = {10},
    pages = {121-136},
    year = {2024},
    doi = {https://doi.org/10.20401/rasi.10.3.911}
}

@book{CarvalhoAbe2011,
    title   = {Tomadas de decisão com ferramentas da lógica paraconsistente anotada.},
    author = {F{\'a}bio Romeu de Carvalho and Jair Minoro Abe},
    year = {2011},
    address   = {São Paulo},
    publisher = {Editora Blucher}
}

@misc{euCommission2021,
    author = {Maija Breque and Lars De Nul and Athanasios Petridis},
    title = {Industry 5.0: Towards a sustainable, human-centric and resilient European industry},
    year = {2021},
    institution = {European Commission, Directorate-General for Research and Innovation},
    url = {https://research-and-innovation.ec.europa.eu/knowledge-publications-tools-and-data/publications/all-publications/industry-50-towards-sustainable-human-centric-and-resilient-european-industry_en},
    note = {Acessado em Junho/2025},
    doi = {10.2777/308407}
}

@article{BARO2025,
    title = {Assessment model for Industry 5.0: A holistic approach to readiness and integration},
    journal = {Journal of Industrial Information Integration},
    volume = {46},
    pages = {100855},
    year = {2025},
    issn = {2452-414X},
    doi = {https://doi.org/10.1016/j.jii.2025.100855},
    url = {https://www.sciencedirect.com/science/article/pii/S2452414X25000792},
    author = {Cesar Cuevas-Lopez-de-Baro and Ignacio Mira-Solves and Antonio Verd{\'u}-Jover},
    keywords = {Industry 5.0, Socio-technical theory, Assessment model, Sustainability, Human-centrism, Resilience},
    abstract = {Purpose
    This study proposes a novel assessment model tailored to the unique requirements of Industry 5.0 transformation utilizing Socio-Technical Theory as a framework. The model seeks to give organizations actionable insights into navigating the complex socio-technical dynamics of I5.0, evaluating organizational readiness holistically, and guiding their transition to this new industrial paradigm across different perspectives and dimensions. By fostering this holistic approach to Industry 5.0 adoption, our study aims to impact industry, society, and institutions significantly.
    Methodology
    The model was developed using a two-phase research approach. The first phase involved a detailed systematic literature review and a systematic literature network analysis to identify the perspectives, critical dimensions, and guiding questions for the assessment based on Socio-Technical Theory. The second phase refined the preliminary model through expert feedback from industry specialists.
    Findings
    Our research proposed an assessment model for Industry 5.0, confirmed Socio-Technical Theory as a substantive framework, and identified four core perspectives: strategy, sustainability, human-centricity, and resilience. These perspectives encompass 25 critical dimensions, which were further analyzed through 64 guiding questions. Expert feedback validated the need for the model and highlighted its potential for application from both a strategic and a tactical perspective.
    Originality
    This study addresses a crucial gap in the literature by presenting a novel assessment model tailored to the unique challenges and opportunities presented by this emerging industrial paradigm. The model’s emphasis on holistic readiness and the integration of business strategies goes beyond conventional approaches by fostering a more nuanced understanding of the socio-technical dynamics shaping the future of industry and society. By applying Socio-Technical Theory (STT), this study provides a more comprehensive understanding of the socio-technical dynamics underlying I5.0 transformation. This innovative approach provides organizations with actionable insights into navigating the intricate interplay between advanced technologies, human factors, sustainability principles, and resilience strategies in complex situations, thus advancing both theoretical and practical knowledge in the field of Industry 5.0.}
}

@book{Carnelli2016,
    author = {Walter A. Carnielli and Marcelo E. Coniglio},
    title = {Paraconsistent logic: Consistency, contradiction and negation},
    publisher = {Springer},
    year = {2016}
}

@phdthesis{abe1992,
    author       = {Jair Minoro Abe},
    title        = {Fundamentos da lógica anotada},
    school       = {Faculdade de Filosofia, Letras e Ciências Humanas, Universidade de São Paulo (USP)},
    year         = {1992},
    address      = {São Paulo},
    type         = {Tese de Doutorado},
    doi          = {10.11606/T.8.1992.tde-16112022-132839},
    url          = {https://www.teses.usp.br/teses/disponiveis/8/8133/tde-16112022-132839/pt-br.php},
    advisor      = {Newton Carneiro Affonso da Costa},
    keywords     = {Lógica paraconsistente, Lógicas anotadas, Fundamentos da programação não-clássica},
    language     = {Português},
    institution  = {Universidade de São Paulo (USP)}
}

@article{CarvalhoJunior2024,
    title = {A comprehensive review on paraconsistent annotated evidential logic: Algorithms, Applications, and Perspectives},
    journal = {Engineering Applications of Artificial Intelligence},
    volume = {127},
    pages = {107342},
    year = {2024},
    issn = {0952-1976},
    doi = {https://doi.org/10.1016/j.engappai.2023.107342},
    url = {https://www.sciencedirect.com/science/article/pii/S0952197623015269},
    author = {Arnaldo {de Carvalho Junior} and João Francisco Justo and Alexandre Maniçoba {de Oliveira} and João Inacio {da Silva Filho}},
    keywords = {Paraconsistent annotated evidential logic (PAL τ), Contradiction, Paraconsistent neural network, Pattern recognition, Reasoning, Intelligent control},
    abstract = {This paper reviews the paraconsistent annotated evidential logic (PAL Eτ) research. This non-classical logic has gained attention in several real-world applications, including robotics, intelligent control, decision-making systems, pattern recognition and classification, and medical diagnosis, among others. The low-complexity mathematics and small computational resources required by PAL Eτ algorithms make them interesting for expert systems, edge computing, and tiny machine learning (Tiny ML) design. This paper aims to present the recent work in the field of PAL Eτ, from its theoretical grounding to practical applications, as well as challenges and trends for this logic. This paper provides a multilevel platform for researchers interested in this area.}
}

@inproceedings{CarvalhoBrunsteinAbe2003,
    title   = {Tomadas de decisão com ferramentas da lógica paraconsistente anotada},
    author = {Carvalho, Fábio Romeu de and Brunstein, Israel and Abe, Jair Minoro},
    year = {2003},
    publisher = {UFOP},
    booktitle   = {Encontro Nacional de Engenharia de Produção}
}

@article{JoseSilvaFilho2006,
    author = {João Inácio da Silva Filho},
    title = {Métodos de aplicações da Lógica Paraconsistente anotada de anotação com 2 valores-LPA2v},
    journal = {Revista Seleção Documental},
    year = {2006}
}

@article{MITTAL2018,
    title = {A critical review of smart manufacturing \& Industry 4.0 maturity models: Implications for small and medium-sized enterprises (SMEs)},
    journal = {Journal of Manufacturing Systems},
    volume = {49},
    pages = {194-214},
    year = {2018},
    issn = {0278-6125},
    doi = {https://doi.org/10.1016/j.jmsy.2018.10.005},
    url = {https://www.sciencedirect.com/science/article/pii/S0278612518301341},
    author = {Sameer Mittal and Muztoba Ahmad Khan and David Romero and Thorsten Wuest},
    keywords = {Smart manufacturing, Industry 4.0, Industrie 4.0, Smart factory, Roadmaps, Maturity models, Frameworks, Readiness assessments, Small and medium-sized enterprises, SMEs, SMM},
    abstract = {The objective of this paper is to critically review currently available Smart Manufacturing (SM) and Industry 4.0 maturity models, and analyze their fit recognizing the specific requirements of Small and Medium-sized Enterprises (SMEs). To this end, this paper presents features that are characteristic for SMEs and identify research gaps needed to be addressed to successfully support manufacturing SMEs in their progress towards Industry 4.0. The results of this study show that only a limited number of the SM and Industry 4.0 roadmaps, maturity models, frameworks and readiness assessments that are available today reflect the specific requirements and challenges of SMEs. The main findings include: (1) the current standard starting “level 1″ (base level) of most maturity models appears to be disconnected from the real digitization and smart manufacturing maturity level of many SMEs. Therefore, we propose a “level 0″ specifically designed to reflect the ‘real - base level’ for SMEs; (2) the transition from this new base level, “level 0″, to the current standard “level 1”, requires significant effort including a mind-set change; (3) maturity models and readiness assessments can be associated with an SM toolkit, and (4) SMEs need to develop their own, unique SM or Industry 4.0 vision and roadmap. This study provides insights that help towards developing a realistic SM (Industry 4.0) maturity model for SMEs that reflects their industrial realities more accurately. With the help of SM maturity models that are more customized to the SME specific requirements, the SMEs’ stakeholders will be able to better define their SM (Industry 4.0) vision, roadmap, and strategic projects. It will ultimately lower the entry barrier and reduce the risk of the transition process towards SM and Industry 4.0 and support the critical change in culture. Summarizing, we identified manufacturing SMEs’ specific requirements, conducted a literature review of current SM maturity models, and discussed how these maturity models reflect the SME specific requirements.}
}

@article{SCHUMACHER2016,
    title = {A Maturity Model for Assessing Industry 4.0 Readiness and Maturity of Manufacturing Enterprises},
    journal = {Procedia CIRP},
    volume = {52},
    pages = {161-166},
    year = {2016},
    note = {The Sixth International Conference on Changeable, Agile, Reconfigurable and Virtual Production (CARV2016)},
    issn = {2212-8271},
    doi = {https://doi.org/10.1016/j.procir.2016.07.040},
    url = {https://www.sciencedirect.com/science/article/pii/S2212827116307909},
    author = {Andreas Schumacher and Selim Erol and Wilfried Sihn},
    keywords = {Industry 4.0, Maturity Model, Strategic Management, Change Management},
    abstract = {Manufacturing enterprises are currently facing substantial challenges with regard to disruptive concepts such as the Internet of Things, Cyber Physical Systems or Cloud-based Manufacturing – also referred to as Industry 4.0. Subsequently, increasing complexity on all firm levels creates uncertainty about respective organizational and technological capabilities and adequate strategies to develop them. In this paper we propose an empirically grounded novel model and its implementation to assess the Industry 4.0 maturity of industrial enterprises in the domain of discrete manufacturing. Our main goal was to extend the dominating technology focus of recently developed models by including organizational aspects. Overall we defined 9 dimensions and assigned 62 items to them for assessing Industry 4.0 maturity. The dimensions “Products”, “Customers”, “Operations” and “Technology” have been created to assess the basic enablers. Additionally, the dimensions “Strategy”, “Leadership”, Governance, “Culture” and “People” allow for including organizational aspects into the assessment. Afterwards, the model has been transformed into a practical tool and tested in several companies whereby one case is presented in the paper. First validations of the model's structure and content show that the model is transparent and easy to use and proved its applicability in real production environments.}
}

@phdthesis{SilvaFilho1999,
    author = {da Silva Filho, João},
    year = {1999},
    month = {01},
    pages = {},
    title = {MÉTODOS DE APLICAÇÕES DA LÓGICA PARACONSISTENTE ANOTADA DE ANOTAÇÃO COM DOIS VALORES-LPA2v COM CONSTRUÇÃO DE ALGORITMO E IMPLEMENTAÇÃO DE CIRCUITOS ELETRÔNICOS},
    school = {Escola Politécnica da Universidade de São Paulo}
}

@article{HeinPensel2023,
    title = {Maturity assessment for Industry 5.0: A review of existing maturity models},
    journal = {Journal of Manufacturing Systems},
    volume = {66},
    pages = {200-210},
    year = {2023},
    issn = {0278-6125},
    doi = {https://doi.org/10.1016/j.jmsy.2022.12.009},
    url = {https://www.sciencedirect.com/science/article/pii/S027861252200228X},
    author = {Franziska Hein-Pensel and Heiner Winkler and Anja Brückner and Mandy Wölke and Iren Jabs and Ines Jasmin Mayan and Amit Kirschenbaum and Julia Friedrich and Christian Zinke-Wehlmann},
    keywords = {Industry 4.0, Maturity models, Human-centered AI, SME, Systematic literature review},
    abstract = {With the introduction of Industry 5.0, a new paradigm shift is planned. Whereas Industry 4.0 is still focused primarily on economic objectives to be achieved through digital transformation and automation of monotonous work processes, Industry 5.0 will also bring in social and ecological objectives. The focus is on holistic, sustainable, and human-centered value creation. Thus, the complexity of digitalization is increasing with the implementation of direct collaboration between humans and machines. In particular, small and medium-sized enterprises (SMEs) are faced with major challenges as they have limited resources for implementing a successful digitalization strategy. This makes the use of maturity models (MMs) a valuable tool for shaping the strategically aligned digitalization transition of companies. In this context, this paper reviews whether the currently existing MMs for Industry 4.0 address the specific requirements of Industry 5.0, and sufficiently consider a human-centered approach along with the assessment of readiness for disruptive technologies in companies (especially SMEs). The study examines currently existing Industry 4.0 MMs as a part of a systematic literature review. A total of 297 German- and English-language publications were found and systematically investigated, of which 24 MMs provided sufficient scientific information in the end. These were categorized using a self-developed evaluation matrix. Furthermore, they were evaluated and discussed regarding their human-centered approach and applicability to SMEs. Through the analysis, key characteristics for Industry 4.0 MMs were identified, which can serve as a basis for the development of an Industry 5.0 assessment for SMEs.}
}

@article{Lucato2019,
    title = {Model to evaluate the Industry 4.0 readiness degree in Industrial Companies},
    journal = {IFAC-PapersOnLine},
    volume = {52},
    number = {13},
    pages = {1808-1813},
    year = {2019},
    note = {9th IFAC Conference on Manufacturing Modelling, Management and Control MIM 2019},
    issn = {2405-8963},
    doi = {https://doi.org/10.1016/j.ifacol.2019.11.464},
    url = {https://www.sciencedirect.com/science/article/pii/S2405896319314454},
    author = {Wagner Cezar Lucato and Athos Paulo Tadeu Pacchini and Francesco Facchini and Giovanni Mummolo},
    keywords = {Industry 4.0, Readiness Degree, Maturity, Manufacturing},
    abstract = {The goal of Industry 4.0 (I4.0) consists to achieve a high level of operational effectiveness and productivity, as well as a higher level of automation. If on one hand the fourth revolution represents an opportunity for many companies, since the implementation of the smart machines should allow the increasing of the productivity, on the other hand many industries are questioning on the possible implementation of new technologies in their business. Indeed, in most cases can be difficult to evaluate how the I4.0 technologies could impact on the industries’ competitiveness, as well as it can be very complicated to identify the best strategy to be adopted for implementing the I4.0 technologies to specific business cases. Therefore, given the importance of this new industrial (r)evolution and considering the hard prediction of the impact due to adoption of I4.0 technologies in a company, the aim of this paper consists to propose a model to measure the readiness of industries with regard to the implementation of I4.0 paradigms. To develop the proposed model, this work used as basis a structure similar to the one used by Society of Automotive Engineers (SAE) J4000 - Measurement of the implementation of lean manufacturing in an organization - duly modified to encompass the I4.0 principles and concepts. The results shown the effectiveness of the model to support managers for identifying the strategical actions that can be adopted with the scope of improving the company’s readiness level in order to seek the maximum benefits from the adoption of I4.0 paradigms.}
}


% Referências já adicionadas ----------------------------------------------------------------------------------------------------- %













































































@MANUAL{NBR6023:2018,
  TITLE         = {{ABNT NBR} 6023},
  AUTHOR        = {{ABNT}},
  ORGANIZATION  = {Associação Brasileira de Normas Técnicas},
  ADDRESS       = {Rio de Janeiro},
  YEAR          = {2018},
  ORG-SHORT     = {ABNT},
  SUBTITLE      = {informação e documentação: referências: elaboração}
}

@MANUAL{NBR6028:2021,
  TITLE         = {{ABNT NBR} 6028},
  AUTHOR        = {{ABNT}},
  ORGANIZATION  = {Associação Brasileira de Normas Técnicas},
  ADDRESS       = {Rio de Janeiro},
  YEAR          = {2021},
  ORG-SHORT     = {ABNT},
  SUBTITLE      = {informação e documentação: resumo -- apresentação}
}

@MANUAL{NBR6027:2012,
  TITLE         = {{ABNT NBR} 6027},
  AUTHOR        = {{ABNT}},
  ORGANIZATION  = {Associação Brasileira de Normas Técnicas},
  ADDRESS       = {Rio de Janeiro},
  YEAR          = {2012},
  ORG-SHORT     = {ABNT},
  SUBTITLE      = {informação e documentação: sumário -- apresentação}
}

@BOOK{KROGH:2001,
  AUTHOR    = {Georg Von{ }Ichijo and Kazuo Nonaka and Ikujiro Krogh},
  TITLE     = {Facilitando a criação de conhecimento},
  PUBLISHER = {Campus},
  YEAR      = {2001},
  ADDRESS   = {Rio de Janeiro},
  SUBTITLE  = {reinventando a empresa com o poder da inovação contínua}
}

@MANUAL{NBR10520:2002,
  TITLE         = {{ABNT NBR} 10520},
  AUTHOR        = {{ABNT}},
  ORGANIZATION  = {Associação Brasileira de Normas Técnicas},
  ADDRESS       = {Rio de Janeiro},
  MONTH         = aug,
  YEAR          = {2002},
  ORG-SHORT     = {ABNT},
  SUBTITLE      = {informação e documentação -- apresentação de citações em documentos}
}

@MANUAL{NBR14724:2011,
  TITLE         = {{ABNT NBR} 14724},
  AUTHOR        = {{ABNT}},
  ORGANIZATION  = {Associação Brasileira de Normas Técnicas},
  ADDRESS       = {Rio de Janeiro, RJ},
  MONTH         = mar,
  YEAR          = {2024},
  ORG-SHORT     = {ABNT},
  SUBTITLE      = {informação e documentação -- trabalhos acadêmicos -- apresentação}
}

@MASTERSTHESIS{Andrade2005,
  AUTHOR  = {M. M. Andrade},
  TITLE   = {Competências requeridas pelos gestores de Instituições de ensino superior privadas},
  SCHOOL  = {Programa de Pós-Graduação em
Tecnologia, Universidade Tecnológica Federal do Paraná},
  YEAR    = {2005},
  ADDRESS = {Curitiba},
  PAGES   = {150},
  SUBTITLE= {um estudo em Curitiba e região metropolitana}
}

@INBOOK{Borges2014,
  AUTHOR    = {L. O. BORGES and O. H. YAMAMOTO},
  booktitle  = {Psicologia, organizações e trabalho no Brasil},
  title = {Mundo do trabalho},
  SUBTITLE = {construção histórica e desafios contemporâneos},
  PAGES     = {25--72},
  PUBLISHER = {Artmed},
  YEAR      = {2014},
  ADDRESS   = {Porto Alegre},
  edition      = {2}
}

@INBOOK{Candido2002,
  AUTHOR    = {A. Cândido},
  booktitle  = {Textos de intervenção},
  title = {A literatura e a formação do homem},
  PAGES     = {67},
  PUBLISHER = {Duas Cidades},
  YEAR      = {2002},
  ADDRESS   = {São Paulo},
  SERIES    = {Coleção Espírito Crítico},
}

%BRASIL. Lei n. 9.610, de 19 de fevereiro de 1998. Altera, atualiza e consolida a legislação sobre direitos autorais e dá outras providências. Brasília, DF: Casa Civil, 1998. Disponível em: http://www.planalto.gov.br/ccivil_03/leis/L9610.htm. Acesso
em: 11 mar. 2025.

@MISC{BRASIL:1998,
  TITLE         = {Lei n. 9.610, de 19 de fevereiro de 1998},
  AUTHOR        = {{BRASIL}},
  ORGANIZATION  = {Casa Civil},
  ADDRESS       = {Brasília, DF},
  ORG-SHORT     = {Casa Civil},
  YEAR          = {1998},
  URL = {http://www.planalto.gov.br/ccivil_03/leis/L9610.htm},
  URLACCESSDATE = {11 mar. 2025},
  SUBTITLE      = {Altera, atualiza e consolida a legislação sobre direitos autorais e dá outras providências}
}

@Article{Sanches2024,
author={Cust{\'o}dio{ }Junior, Elton and Sanches, Silvio Ricardo Rodrigues
and Corr{\^e}a, Cl{\'e}ber Gimenez
and Oliveira, Claiton
and Freire, Valdinei
and Saito, Priscila Tiemi Maeda
and Bugatti, Pedro Henrique},
title={Automatic generation of difficulty maps for datasets using neural network},
journal={Multimedia Tools and Applications},
year={2024},
volume={83},
number={25},
pages={66499-66516},
issn={1573-7721},
doi={10.1007/s11042-024-18271-3},
}




@ARTICLE{Guimaraes2003,
  AUTHOR   = {Guimar{\~a}es, Eliane G. and Maffeis, Antonio T. and Pereira, James L. and Russo, Bruno G. and Cardozo, Eleri and Bergerman, Marcel and Magalh{\~a}es, Mauricio F.},
  TITLE    = {{REAL}},
  JOURNAL  = {IEEE Transactions on Education},
  YEAR     = {2003},
  VOLUME   = {46},
  NUMBER   = {1},
  PAGES    = {37--42},
  MONTH    = feb,
  SUBTITLE = {a virtual laboratory for mobile robot experiment}
}

@ARTICLE{Frederico2012,
  AUTHOR    = {Frederico, Guilherme Francisco and Martins, Roberto Antonio},
  TITLE     = {Modelo para alinhamento entre a maturidade dos sistemas de medição de desempenho e a maturidade da gestão da cadeia de suprimentos},
  JOURNAL   = {Gestão \& Produção},
  YEAR      = {2012},
  VOLUME    = {19},
  PAGES     = {857--871},
  MONTH     = dec,
  ISSN      = {0104-530X},
  PUBLISHER = {Scielo},
  URL       = {http://www.scielo.br/scielo.php?script=sci_arttext&pid=S0104-530X2012000400014&nrm=iso},
  URLACCESSDATE = {21 ago. 2013}
}

%% BOOK - Um livro com uma editora explícita.
%%   - Campos requeridos: AUTHOR ou EDITOR, TITLE, PUBLISHER e YEAR.
%%   - Campos opcionais: VOLUME ou NUMBER, SERIES, ADDRESS, EDITION, MONTH e NOTE.

@book{Coulouris2013,
  title={Sistemas Distribu{\'\i}dos},
  subtitle={conceitos e projeto},
  author={Coulouris, George and Dollimore, Jean and Kindberg, Tim and Blair, Gordon},
  isbn={9788582600542},
  url={https://books.google.com.br/books?id=6WU3AgAAQBAJ},
  year={2013},
  publisher={Bookman Editora},
  URLACCESSDATE = {21 ago. 2013}
}


@book{Pressman2009,
  title={Engenharia de Software - 7.ed.},
  author={Pressman, Roger S.},
  pages = {107},
  isbn={9788580550443},
  url={https://books.google.com.br/books?id=y0rH9wuXe68C},
  year={2009},
  publisher={McGraw Hill Brasil},
  URLACCESSDATE = {21 ago. 2013}
}

@BOOK{Pedrycz1998,
  AUTHOR    = {Pedrycz, Witold and Gomide, Fernando A. C.},
  TITLE     = {An Introduction to Fuzzy Sets},
  PUBLISHER = {MIT Press},
  YEAR      = {1998},
  ADDRESS   = {Massachusetts, USA},
  MONTH     = apr,
  PAGES     = {465},
  SUBTITLE  = {analysis and design (complex adaptive systems)}
}

%% BOOKLET - Uma obra impressa mas sem uma editora ou instituição patrocinadora.
%%   - Campos requeridos: TITLE.
%%   - Campos opcionais: AUTHOR, HOWPUBLISHED, ADDRESS, MONTH, YEAR e NOTE.

@BOOKLET{Thompson2001,
  TITLE        = {X-Ray Data Booklet},
  AUTHOR       = {Thompson, Albert C. and Vaughan, Douglas},
  HOWPUBLISHED = {Lawrence Berkeley National Laboratory, University of California},
  ADDRESS      = {California, USA},
  MONTH        = jan,
  YEAR         = {2001},
  PAGES        = {457}
}

%% CONFERENCE - O mesmo que "INPROCEEDINGS", incluído para compatibilidade de escrita.
%%   - Campos requeridos: AUTHOR, TITLE, BOOKTITLE e YEAR.
%%   - Campos opcionais: EDITOR, VOLUME ou NUMBER, SERIES, PAGES, ADDRESS, MONTH, ORGANIZATION, PUBLISHER e NOTE.

@CONFERENCE{Alt1995,
  AUTHOR       = {Alt, Martin and Martin, Florian},
  TITLE        = {Generation of Efficient Interprocedural Analyzers with {PAG}},
  BOOKTITLE    = {SAS'95, Static Analysis Symposium},
  YEAR         = {1995},
  EDITOR       = {Mycroft, Alan},
  PAGES        = {33--50},
  MONTH        = sep,
  PUBLISHER    = {Springer}
}

%% INBOOK - Uma parte de um livro, que pode ser um capítulo e/ou um intervalo de páginas.
%%   - Campos requeridos: AUTHOR ou EDITOR, TITLE, CHAPTER ou PAGES, PUBLISHER e YEAR.
%%   - Campos opcionais: VOLUME ou NUMBER, SERIES, TYPE, ADDRESS, EDITION, MONTH, NOTE.


%DAVENPORT, T. H.; PRUSAK, L. Conhecimento empresarial: como as organizações gerenciam o seu capital intelectual. Rio de Janeiro: Campus, 2012. (Modelo de referência: livro com subtítulo).
@BOOK{Davenport2012,
  AUTHOR    = {DAVENPORT, T. H. and PRUSAK, L.},
  TITLE     = {Conhecimento empresarial},
  PUBLISHER = {Campus},
  YEAR      = {2012},
  ADDRESS   = {Rio de Janeiro},
  SUBTITLE  = {como as organizações gerenciam o seu capital intelectual}
}


@BOOK{Santos2000,
  AUTHOR    = {Santos, Euripedes P. and von Zuben, Fernando J.},
  TITLE     = {Recurrent Neural Networks},
  CHAPTER   = {3},
  PAGES     = {47--75},
  PUBLISHER = {CRC Press},
  YEAR      = {2000},
  VOLUME    = {13},
  ADDRESS   = {USA},
  SERIES    = {International Series on Computational Intelligence},
  SUBTITLE  = {design, applications}
}

%% INCOLLECTION - Uma parte de um livro com o seu próprio título.
%%   - Campos requeridos: AUTHOR, TITLE, BOOKTITLE, PUBLISHER e YEAR.
%%   - Campos opcionais: EDITOR, VOLUME OR NUMBER, SERIES, TYPE, CHAPTER, PAGES, ADDRESS, EDITION, MONTH e NOTE.

@INCOLLECTION{Pinto2000,
  AUTHOR    = {Pinto, Alexandre S. and Faina, Luis F. and Cardozo, Eleri},
  TITLE     = {A {TINA}-Based Distributed Environment for Mobile Multimedia Applications},
  BOOKTITLE = {Managing QoS in Multimedia Networks, Services},
  PUBLISHER = {Kluwer Academic Publishers},
  YEAR      = {2000},
  EDITOR    = {de Souza, Jos{\'e} Neuman and Boutaba, Raouf},
  PAGES     = {163--175}
}

%% INPROCEEDINGS - Um artigo nos anais de uma conferência.
%%   - Campos requeridos: AUTHOR, TITLE, BOOKTITLE e YEAR.
%%   - Campos opcionais: EDITOR, VOLUME ou NUMBER, SERIES, PAGES, ADDRESS, MONTH, ORGANIZATION, PUBLISHER e NOTE.


@INPROCEEDINGS{Renaux2001,
  AUTHOR       = {Douglas P. B. Renaux and Faimara do Rocio Strauhs and Aline França Abreu and Leandro Gustavo Biss Becker},
  TITLE        = {Gestão do conhecimento de um laboratório de pesquisa: uma abordagem prática},
  BOOKTITLE    = {Simpósio Internacional de Gestão do Conhecimento},
  YEAR         = {2001},
  VOLUME        = {4},
  PAGES        = {195--208},
  pUBLISHER = {PUC-PR},
  ADDRESS      = {Curitiba},
}



@INPROCEEDINGS{Faina2001,
  AUTHOR       = {Faina, Luis F. and Pinto, Rossano P. and Guimar{\~a}es, Eliane G. and Cardozo, Eleri},
  TITLE        = {Mobile Agents for Supporting Ubiquity in Telecommunication Services},
  BOOKTITLE    = {Second Latin American Network Operation, Management Symposium (LANOMS)},
  YEAR         = {2001},
  EDITOR       = {Loureiro, A. and Nogueira, J.},
  PAGES        = {50--61},
  ADDRESS      = {Belo Horizonte},
  MONTH        = aug
}




%% MANUAL - Uma documentação técnica.
%%   - Campos requeridos: TITLE.
%%   - Campos opcionais: AUTHOR, ORGANIZATION, ADDRESS, EDITION, MONTH, YEAR e NOTE.

@MANUAL{IONA1999,
  TITLE        = {Orbix Programming Reference},
  AUTHOR       = {{\mbox IONA Technologies PLC}},
  ORGANIZATION = {IONA Technologies PLC},
  ADDRESS      = {Dublin, Ireland},
  MONTH        = oct,
  YEAR         = {1999}
}



@MANUAL{NBR6024:2012,
  TITLE         = {{NBR} 6024},
  AUTHOR        = {{ASSOCIAÇÃO BRASILEIRA DE NORMAS TÉCNICAS}},
  ORGANIZATION  = {Associação Brasileira de Normas Técnicas},
  ADDRESS       = {Rio de Janeiro},
  MONTH         = feb,
  YEAR          = {2012},
  DATE-ADDED    = {2012-12-15 21:24:06 +0000},
  DATE-MODIFIED = {2012-12-15 21:24:28 +0000},
  ORG-SHORT     = {ABNT},
  PAGES         = {4},
  SUBTITLE      = {numeração progressiva das seções de um documento}
}





@MANUAL{abnTeX2:2013,
  TITLE         = {A classe abntex2},
  AUTHOR        = {abnTeX2 and Araujo, Lauro C{\'e}sar},
  ORGANIZATION  = {Equipe abnTeX2},
  YEAR          = {2013},
  BDSK-URL-1    = {http://code.google.com/p/abntex2/},
  DATE-ADDED    = {2013-01-09 10:37:38 +0000},
  DATE-MODIFIED = {2013-04-05 11:03:48 +0000},
  URL           = {http://www.abntex.net.br/},
  SUBTITLE      = {{modelo canônico de trabalhos acadêmicos brasileiros compatível com as normas ABNT NBR 14724:2011, ABNT NBR 6024:2012 e outras}},
  URLACCESSDATE = {21 ago. 2013}
}

@MANUAL{abnTeX2:2013Cite,
  TITLE         = {O pacote abntex2cite},
  AUTHOR        = {abnTeX2 and Araujo, Lauro C{\'e}sar},
  ORGANIZATION  = {Equipe abnTeX2},
  YEAR          = {2013},
  BDSK-URL-1    = {http://code.google.com/p/abntex2/},
  DATE-ADDED    = {2013-01-09 10:37:45 +0000},
  DATE-MODIFIED = {2013-04-05 10:47:36 +0000},
  URL           = {http://www.abntex.net.br/},
  SUBTITLE      = {{estilos bibliográficos compatíveis com a ABNT NBR 6023}},
  URLACCESSDATE = {21 ago. 2013}
}

@MANUAL{abnTeX2:2013CiteAlf,
  TITLE         = {O pacote abntex2cite},
  AUTHOR        = {abnTeX2 and Araujo, Lauro C{\'e}sar},
  ORGANIZATION  = {Equipe abnTeX2},
  YEAR          = {2013},
  BDSK-URL-1    = {http://code.google.com/p/abntex2/},
  DATE-ADDED    = {2013-01-09 10:37:45 +0000},
  DATE-MODIFIED = {2013-04-05 11:03:05 +0000},
  URL           = {http://www.abntex.net.br/},
  SUBTITLE      = {{tópicos específicos da ABNT NBR 10520:2002 e o estilo bibliográfico alfabético (sistema autor-data)}},
  URLACCESSDATE = {21 ago. 2013}
}

@MANUAL{UTFPR2008,
  TITLE        = {Orientação para a entrega de trabalhos acadêmicos},
  AUTHOR       = {{UTFPR}},
  ORGANIZATION = {Universidade Tecnológica Federal do Paraná},
  ADDRESS      = {Curitiba},
  EDITION      = {1a},
  YEAR         = {2021},
  URL          = {http://www.utfpr.edu.br/biblioteca/trabalhos-academicos/discentes},
  URLACCESSDATE = {08 nov. 2021}
}

@MANUAL{Wilson2010,
  TITLE         = {The Memoir Class for Configurable Typesetting - User Guide},
  AUTHOR        = {Wilson, Peter and Madsen, Lars},
  ORGANIZATION  = {The Herries Press},
  ADDRESS       = {Normandy Park, WA, USA},
  YEAR          = {2010},
  BDSK-URL-1    = {http://ctan.tche.br/macros/latex/contrib/memoir/memman.pdf},
  DATE-ADDED    = {2013-01-09 10:37:50 +0000},
  DATE-MODIFIED = {2013-03-21 13:23:25 +0000},
  URL           = {http://mirrors.ctan.org/macros/latex/contrib/memoir/memman.pdf},
  URLACCESSDATE = {21 ago. 2013}
}

%% MASTERSTHESIS - Uma dissertação de mestrado.
%%   - Campos requeridos: AUTHOR, TITLE, SCHOOL e YEAR.
%%   - Campos opcionais: TYPE, ADDRESS, MONTH e NOTE.



@MASTERSTHESIS{Araujo2012,
  AUTHOR        = {Araujo, Lauro C{\'e}sar},
  TITLE         = {Configuração},
  SCHOOL        = {Universidade de Brasília},
  YEAR          = {2012},
  ADDRESS       = {Brasília},
  DATE-ADDED    = {2013-01-09 11:04:42 +0000},
  DATE-MODIFIED = {2013-01-09 11:04:42 +0000},
  SUBTITLE      = {uma perspectiva de arquitetura da informação da escola de {B}rasília}
}

%% MISC - Use esse tipo quando nada mais se encaixa.
%%   - Campos requeridos: "NENHUM".
%%   - Campos opcionais: AUTHOR, TITLE, HOWPUBLISHED, MONTH, YEAR e NOTE.


@MISC{Larsson2003,
  AUTHOR        = {Larsson, Alexander},
  TITLE         = {Dia's Homepage},
  HOWPUBLISHED  = {Lysator, The Academic Computer Society},
  MONTH         = aug,
  YEAR          = {2003},
  URL           = {http://www.lysator.liu.se/~alla/dia/dia.html},
  urlaccessdate = {28 nov. 2003}
}

@book{date2004,
  title = {Introdução a sistemas de bancos de dados},
  author = {Date, C.J.},
  isbn = {9788535212730},
  url = {https://books.google.com.br/books?id=xBeO9LSlK7UC},
  year = {2004},
  publisher = {ELSEVIER EDITORA},
  URLACCESSDATE = {21 ago. 2013}
}

@MISC{Hadian1982,
  AUTHOR       = {Hadian, R.},
  TITLE        = {{Fotografia da erupção vulcânica em 1982 do Galungung, Indonésia (com descargas de raios), produzida pelo Serviço Geológico dos Estados Unidos da América}},
  MONTH        = dec,
  YEAR         = {1982},
  NOTE         =  {Galunggung, Indonesia; 07.25 S 108.05 E; 2,168 m. His image is in the public domain because it contains materials that originally came from the U.S. National Oceanic and Atmospheric Administration, taken or made as part of an employee's official duties.},
  ORGANIZATION = {U.S. National Oceanic and Atmospheric Administration},
  URL          = {http://www.ngdc.noaa.gov/seg/hazard/img/200_res/30/30_603.tif},
  URLACCESSDATE = {21 ago. 2013}
}

@MISC{Sartore2013,
  AUTHOR       = {Sartore, Joel},
  TITLE        = {{Camaleão pantera fotografado por Joel Sartore, National Geographic}},
  MONTH        = mar,
  YEAR         = {2013},
  NOTE         = {Published March 5, 2013},
  ORGANIZATION = {National Geographic},
  URL          = {http://images.nationalgeographic.com/wpf/media-live/photos/000/649/cache/08-tedx-photo-ark-panther-chameleon_64915_600x450.jpg},
  URLACCESSDATE = {21 ago. 2013}
}

@MISC{daSilva2009,
  AUTHOR       = {da Silva, Erivanildo Lopes and Bahia, Marcus Vinicius},
  TITLE        = {Compostos orgânicos: fórmulas estruturais e principais classes},
  HOWPUBLISHED = {Site UOL Educação},
  MONTH        = feb,
  YEAR         = {2009},
  ORGANIZATION = {Universidade Federal da Bahia},
  URL          = {http://educacao.uol.com.br/disciplinas/quimica/compostos-organicos-formulas-estruturais-e-principais-classes.htm},
  URLACCESSDATE = {21 ago. 2013}
}

@MISC{Smallen2014,
  AUTHOR       = {Smallen, Shava},
  TITLE        = {My \LaTeX\ notes},
  HOWPUBLISHED = {San Diego Supercomputer Center},
  MONTH        = feb,
  YEAR         = {2014},
  URL          = {http://users.sdsc.edu/~ssmallen/},
  URLACCESSDATE = {21 ago. 2014}
}

%% PHDTHESIS - Uma tese de doutorado.
%%   - Campos requeridos: AUTHOR, TITLE, SCHOOL e YEAR.
%%   - Campos opcionais: TYPE, ADDRESS, MONTH e NOTE.

@PHDTHESIS{Faina2000,
  AUTHOR  = {Faina, Luis F.},
  TITLE   = {Uma Arquitetura para Suporte à Ubiquidade dos Serviços de Telecomunicações Baseada na Arquitetura {TINA} e em Agentes Móveis},
  SCHOOL  = {Faculdade de Engenharia Elétrica e de Computação, Universidade Estadual de Campinas},
  YEAR    = {2000},
  ADDRESS = {Campinas},
  MONTH   = dec,
  PAGES   = {150}
}

%% PROCEEDINGS - As deliberações de uma conferência.
%%   - Campos requeridos: TITLE e YEAR.
%%   - Campos opcionais: EDITOR, VOLUME ou NUMBER, SERIES, ADDRESS, MONTH, ORGANIZATION, PUBLISHER e NOTE.

@PROCEEDINGS{Pirmez2002,
  TITLE        = {{Anais do XX Simpósio Brasileiro de Redes de Computadores}},
  YEAR         = {2002},
  EDITOR       = {Pirmez, Luci and Carmo, Luis Fernando and Mac{\^e}do, Raimundo Jos{\'e}},
  ADDRESS      = {Rio de Janeiro},
  MONTH        = may,
  ORGANIZATION = {Sociedade Brasileira de Computação},
  PUBLISHER    = {Núcleo de Computação Eletrônica da UFRJ}
}

%% TECHREPORT - Um relatório publicado por uma escola ou uma outra instituição, geralmente dentro de uma série numerada.
%%   - Campos requeridos: AUTHOR, TITLE, INSTITUTION e YEAR.
%%   - Campos opcionais: TYPE, NUMBER, ADDRESS, MONTH e NOTE.

@TECHREPORT{OMG2000,
  AUTHOR      = {{OMG}},
  TITLE       = {Audio/Video Streams, Version 1.0},
  INSTITUTION = {Object Management Group (OMG)},
  YEAR        = {2000},
  TYPE        = {OMG Specification},
  ADDRESS     = {Massachusetts, USA},
  MONTH       = jan,
  NOTE        = {formal/2000-01-03},
  URL         = {http://www.omg.org/},
  URLACCESSDATE = {21 ago. 2013}
}

%% UNPUBLISHED - Um documento com um autor e um título, mas não publicado formalmente.
%%   - Campos requeridos: AUTHOR, TITLE e NOTE.
%%   - Campos opcionais: MONTH e YEAR.

@UNPUBLISHED{Sichman2002,
  AUTHOR = {Sichman, Jaime S.},
  TITLE  = {Sobre Agentes Móveis e Fixos},
  NOTE   = {Comunicação pessoal por e-mail},
  MONTH  = mar,
  YEAR   = {2002}
}

%% CAMPOS
%%
%% Os tipos de entradas bibliográficas contém alguns subconjuntos padrões de entradas de dados:
%%   - ADDRESS: Endereço da editora (normalmente, apenas a cidade, mas pode ser o endereço completo para editoras menos conhecidas).
%%   - ANNOTE: Uma anotação para estilos bibliográficos adotados (não típico).
%%   - AUTHOR: O(s) nome(s) do(s) autor(es) (no caso de haver mais de um autor, separá-los por "and").
%%   - BOOKTITLE: O título do livro, mesmo que apenas parte dele esteja sendo citado.
%%   - CHAPTER: O número do capítulo.
%%   - CROSSREF: A chave de entrada da referência cruzada.
%%   - EDITION: A edição de um livro, forma longa (como o "primeiro" ou "segundo").
%%   - EDITOR: O(s) nome(s) do(s) editor(es).
%%   - EPRINT: A especificação de uma publicação eletrônica, muitas vezes um "preprint" ou um relatório técnico.
%%   - HOWPUBLISHED: Como ele foi publicado, se o método de publicação não é típico.
%%   - INSTITUTION: A instituição que esteve envolvida na publicação, mas não é necessariamente a editora.
%%   - JOURNAL: O jornal ou a revista onde o trabalho foi publicado.
%%   - KEY: Um campo oculto utilizado para especificar ou colocar em ordem alfabética as entradas (quando o campos "autor" e
%%     "editor" estão em falta). Note que isto é muito diferente da chave (mencionados apenas após esta lista) que é usado para
%%     citar ou fazer uma referência cruzada à entrada.
%%   - MONTH: O mês de publicação (ou, se não publicado, no mês de criação).
%%   - NOTE: Diversas informações extras.
%%   - NUMBER: O "número" de um jornal, uma revista, ou um relatório técnico, se aplicável. (A maioria das publicações tem um campo
%%     "volume", mas não o campo "número").
%%   - ORGANIZATION: A organização patrocinadora.
%%   - PAGES: números de página, separados por vírgulas ou hifens duplo. Para os livros, o número total de páginas.
%%   - PUBLISHER: O nome da editora.
%%   - SCHOOL: A escola onde a tese ou dissertação foi escrita.
%%   - SERIES: A série de livros onde foi publicado em (por exemplo: "A Hardy Boys" ou "Lecture Notes in Computer Science").
%%   - TITLE: o título do trabalho.
%%   - TYPE: O tipo de relatório técnico, por exemplo, "Nota de Investigação".
%%   - URL: O endereço da web.
%%   - VOLUME: O volume de uma revista ou de um livro com vários volumes.
%%   - YEAR: O ano de publicação (ou, se não publicado, o ano de criação).
%%
%% Além disto, cada entrada contém uma chave (rótulo) que é usada para citar ou uma entrada de referência cruzada. Esta chave é o
%% primeiro item em uma entrada BibTeX, e não faz parte de qualquer domínio.

% MONTEIRO, S. Breve espaço entre cor e sombra: o romance da maturidade literária de Cristóvão Tezza. Revista de Letras, Curitiba, v. 13, n. 11, p. 183-200, dez. 2009. (Modelo de referência: artigo de periódico).

@article{Monteiro2009,
  author = {S. Monteiro},
  title = {Breve espaço entre cor e sombra},
  journal = {Revista de Letras},
  year = {2009},
  month = {dez},
  number = {11},
  pages = {183--200},
  volume = {13},
  subtitle = {o romance da maturidade literária de Cristóvão Tezza},
}

@article{tomasulo:algorithm:5392028,
  author = {Tomasulo, R. M.},
  title = {An Efficient Algorithm for Exploiting Multiple Arithmetic Units},
  journal = {IBM Journal of Research and Development},
  year = {1967},
  month = {Jan},
  number = {1},
  pages = {25-33},
  volume = {11},
  doi = {10.1147/rd.111.0025},
  ISSN = {0018-8646}
}

@article{Cruz2003,
  author = {Cruz, Renato},
  title = {Padrão Brasileiro de {TV} Enfrenta Oposição},
  journal = {O Estado de São Paulo},
  ADDRESS  = {São Paulo},
  year = {2003},
  month = {fev},
  day = {2}
}

@misc{Moore:2000:CMC:333067.333074,
 author = {Moore, Gordon E.},
 title = {Readings in Computer Architecture},
 year = {2000},
 url = {http://dl.acm.org/citation.cfm?id=333067.333074},
 URLACCESSDATE = {21 ago. 2013}
}
